%YAML 1.1
%TAG !u! tag:unity3d.com,2011:
--- !u!1 &462016621827953817
GameObject:
  m_ObjectHideFlags: 0
  m_CorrespondingSourceObject: {fileID: 0}
  m_PrefabInstance: {fileID: 0}
  m_PrefabAsset: {fileID: 0}
  serializedVersion: 6
  m_Component:
  - component: {fileID: 6859008122277803686}
  m_Layer: 0
  m_Name: Bonus
  m_TagString: Untagged
  m_Icon: {fileID: 0}
  m_NavMeshLayer: 0
  m_StaticEditorFlags: 0
  m_IsActive: 1
--- !u!4 &6859008122277803686
Transform:
  m_ObjectHideFlags: 0
  m_CorrespondingSourceObject: {fileID: 0}
  m_PrefabInstance: {fileID: 0}
  m_PrefabAsset: {fileID: 0}
  m_GameObject: {fileID: 462016621827953817}
  m_LocalRotation: {x: -0, y: -0, z: -0, w: 1}
  m_LocalPosition: {x: 0, y: 0, z: 0}
  m_LocalScale: {x: 1, y: 1, z: 1}
  m_Children:
  - {fileID: 5652470898852374128}
  - {fileID: 6817418819118565912}
  - {fileID: 5080314908243725350}
  - {fileID: 4072135783914553045}
  - {fileID: 3768842054845322711}
  - {fileID: 7300654784403500941}
  m_Father: {fileID: 1104812906127223003}
  m_RootOrder: 1
  m_LocalEulerAnglesHint: {x: 0, y: 0, z: 0}
--- !u!1 &607556104797665742
GameObject:
  m_ObjectHideFlags: 0
  m_CorrespondingSourceObject: {fileID: 0}
  m_PrefabInstance: {fileID: 0}
  m_PrefabAsset: {fileID: 0}
  serializedVersion: 6
  m_Component:
  - component: {fileID: 4678936164668426455}
  m_Layer: 0
  m_Name: Enemy
  m_TagString: Untagged
  m_Icon: {fileID: 0}
  m_NavMeshLayer: 0
  m_StaticEditorFlags: 0
  m_IsActive: 1
--- !u!4 &4678936164668426455
Transform:
  m_ObjectHideFlags: 0
  m_CorrespondingSourceObject: {fileID: 0}
  m_PrefabInstance: {fileID: 0}
  m_PrefabAsset: {fileID: 0}
  m_GameObject: {fileID: 607556104797665742}
  m_LocalRotation: {x: -0, y: -0, z: -0, w: 1}
  m_LocalPosition: {x: 0, y: 0, z: 0}
  m_LocalScale: {x: 1, y: 1, z: 1}
  m_Children:
  - {fileID: 6469861640165612138}
  - {fileID: 3039237351915506936}
  - {fileID: 5641225287559373851}
  - {fileID: 6604677774247400342}
  - {fileID: 3622516828760156311}
  m_Father: {fileID: 1104812906127223003}
  m_RootOrder: 2
  m_LocalEulerAnglesHint: {x: 0, y: 0, z: 0}
--- !u!1 &1104812906127223000
GameObject:
  m_ObjectHideFlags: 0
  m_CorrespondingSourceObject: {fileID: 0}
  m_PrefabInstance: {fileID: 0}
  m_PrefabAsset: {fileID: 0}
  serializedVersion: 6
  m_Component:
  - component: {fileID: 1104812906127223003}
  - component: {fileID: 1104812906127223002}
  - component: {fileID: 1104812906127223001}
  - component: {fileID: 7172428682496360013}
  m_Layer: 6
  m_Name: Groung_35
  m_TagString: Untagged
  m_Icon: {fileID: 0}
  m_NavMeshLayer: 0
  m_StaticEditorFlags: 0
  m_IsActive: 1
--- !u!4 &1104812906127223003
Transform:
  m_ObjectHideFlags: 0
  m_CorrespondingSourceObject: {fileID: 0}
  m_PrefabInstance: {fileID: 0}
  m_PrefabAsset: {fileID: 0}
  m_GameObject: {fileID: 1104812906127223000}
  m_LocalRotation: {x: 0, y: 0, z: 0, w: 1}
  m_LocalPosition: {x: 0, y: 0, z: 0}
  m_LocalScale: {x: 1, y: 1, z: 1}
  m_Children:
  - {fileID: 8291239628803508067}
  - {fileID: 6859008122277803686}
  - {fileID: 4678936164668426455}
  m_Father: {fileID: 0}
  m_RootOrder: 0
  m_LocalEulerAnglesHint: {x: 0, y: 0, z: 0}
--- !u!212 &1104812906127223002
SpriteRenderer:
  m_ObjectHideFlags: 0
  m_CorrespondingSourceObject: {fileID: 0}
  m_PrefabInstance: {fileID: 0}
  m_PrefabAsset: {fileID: 0}
  m_GameObject: {fileID: 1104812906127223000}
  m_Enabled: 1
  m_CastShadows: 0
  m_ReceiveShadows: 0
  m_DynamicOccludee: 1
  m_MotionVectors: 1
  m_LightProbeUsage: 1
  m_ReflectionProbeUsage: 1
  m_RayTracingMode: 0
  m_RayTraceProcedural: 0
  m_RenderingLayerMask: 1
  m_RendererPriority: 0
  m_Materials:
  - {fileID: 10754, guid: 0000000000000000f000000000000000, type: 0}
  m_StaticBatchInfo:
    firstSubMesh: 0
    subMeshCount: 0
  m_StaticBatchRoot: {fileID: 0}
  m_ProbeAnchor: {fileID: 0}
  m_LightProbeVolumeOverride: {fileID: 0}
  m_ScaleInLightmap: 1
  m_ReceiveGI: 1
  m_PreserveUVs: 0
  m_IgnoreNormalsForChartDetection: 0
  m_ImportantGI: 0
  m_StitchLightmapSeams: 1
  m_SelectedEditorRenderState: 0
  m_MinimumChartSize: 4
  m_AutoUVMaxDistance: 0.5
  m_AutoUVMaxAngle: 89
  m_LightmapParameters: {fileID: 0}
  m_SortingLayerID: 0
  m_SortingLayer: 0
  m_SortingOrder: 21
  m_Sprite: {fileID: 21300000, guid: 7f1b90eac7f0a54449eec5a57e0319e1, type: 3}
  m_Color: {r: 1, g: 1, b: 1, a: 1}
  m_FlipX: 0
  m_FlipY: 0
  m_DrawMode: 2
  m_Size: {x: 35, y: 1.28}
  m_AdaptiveModeThreshold: 0.5
  m_SpriteTileMode: 0
  m_WasSpriteAssigned: 1
  m_MaskInteraction: 0
  m_SpriteSortPoint: 0
--- !u!61 &1104812906127223001
BoxCollider2D:
  m_ObjectHideFlags: 0
  m_CorrespondingSourceObject: {fileID: 0}
  m_PrefabInstance: {fileID: 0}
  m_PrefabAsset: {fileID: 0}
  m_GameObject: {fileID: 1104812906127223000}
  m_Enabled: 1
  m_Density: 1
  m_Material: {fileID: 6200000, guid: 40b3a2d00d303ce4c98176cb05534567, type: 2}
  m_IsTrigger: 0
  m_UsedByEffector: 0
  m_UsedByComposite: 0
  m_Offset: {x: 0, y: 0}
  m_SpriteTilingProperty:
    border: {x: 0, y: 0, z: 0, w: 0}
    pivot: {x: 0.5, y: 0.5}
    oldSize: {x: 1.28, y: 1.28}
    newSize: {x: 35, y: 1.28}
    adaptiveTilingThreshold: 0.5
    drawMode: 2
    adaptiveTiling: 0
  m_AutoTiling: 0
  serializedVersion: 2
  m_Size: {x: 35, y: 1.28}
  m_EdgeRadius: 0
--- !u!114 &7172428682496360013
MonoBehaviour:
  m_ObjectHideFlags: 0
  m_CorrespondingSourceObject: {fileID: 0}
  m_PrefabInstance: {fileID: 0}
  m_PrefabAsset: {fileID: 0}
  m_GameObject: {fileID: 1104812906127223000}
  m_Enabled: 1
  m_EditorHideFlags: 0
  m_Script: {fileID: 11500000, guid: a66a3315d24ec294e82e2b39133150f7, type: 3}
  m_Name: 
  m_EditorClassIdentifier: 
  decorObj:
  - {fileID: 7268445266021750647, guid: e51c68d0d3db1a84e88cb7194d5b41ab, type: 3}
  - {fileID: 5241171469421614970, guid: 0805603f4825d564c846b4d3cbaed9f4, type: 3}
  - {fileID: 7514656353176122001, guid: 3d152b25ba9f9e94aa3403e2d28242b7, type: 3}
  - {fileID: 7135572207609547633, guid: 42f36e57cd4bf6a459ec26f0eb7e6916, type: 3}
  - {fileID: 3809363654211599109, guid: d88380a1d4bf821418f281feedd49905, type: 3}
  - {fileID: 2245280879884620080, guid: efebef59a7e374e488707229ea85369b, type: 3}
  - {fileID: 716596550286907813, guid: e23f416e684bdec4d9edc5c1d00b06e5, type: 3}
  - {fileID: 5535755290649720410, guid: d7b0e03eee81dc24dadb4f6afd2ee64d, type: 3}
  - {fileID: 5575942865710772271, guid: f5109e7906fac7c4bbba56d389ceb801, type: 3}
  - {fileID: 5575942865710772271, guid: 4423f8317bea02a40a5725968ba8d6b4, type: 3}
  - {fileID: 4421645764951384453, guid: 0a95a45c182dd234daec5d17596feb16, type: 3}
  enemyObj:
  - {fileID: 8519891694552115698, guid: 98bc055439c0e0d4c817105849c540d0, type: 3}
  bonusObj:
  - {fileID: 2773762362396866566, guid: aae272063fd8e1f4aaab1aebba6c400f, type: 3}
  - {fileID: 6079958657735212521, guid: 72847240469d19c49b2166c6cf78668c, type: 3}
--- !u!1 &5521829789694935282
GameObject:
  m_ObjectHideFlags: 0
  m_CorrespondingSourceObject: {fileID: 0}
  m_PrefabInstance: {fileID: 0}
  m_PrefabAsset: {fileID: 0}
  serializedVersion: 6
  m_Component:
  - component: {fileID: 8291239628803508067}
  m_Layer: 0
  m_Name: Decor
  m_TagString: Untagged
  m_Icon: {fileID: 0}
  m_NavMeshLayer: 0
  m_StaticEditorFlags: 0
  m_IsActive: 1
--- !u!4 &8291239628803508067
Transform:
  m_ObjectHideFlags: 0
  m_CorrespondingSourceObject: {fileID: 0}
  m_PrefabInstance: {fileID: 0}
  m_PrefabAsset: {fileID: 0}
  m_GameObject: {fileID: 5521829789694935282}
  m_LocalRotation: {x: -0, y: -0, z: -0, w: 1}
  m_LocalPosition: {x: 0, y: 0, z: 0}
  m_LocalScale: {x: 1, y: 1, z: 1}
  m_Children:
  - {fileID: 8746585199451443571}
  - {fileID: 1673822472238278875}
  - {fileID: 3703700883704109718}
  - {fileID: 5003065966476925300}
  - {fileID: 5746451844497534486}
  - {fileID: 195020919448264805}
  - {fileID: 8423686960167841241}
  - {fileID: 4632197301243007302}
  - {fileID: 6192386846000630775}
  - {fileID: 3545730490965962445}
  - {fileID: 376337891949531433}
  - {fileID: 7939298059826016886}
  - {fileID: 7720823401385302974}
  m_Father: {fileID: 1104812906127223003}
  m_RootOrder: 0
  m_LocalEulerAnglesHint: {x: 0, y: 0, z: 0}
--- !u!1001 &205713218502978364
PrefabInstance:
  m_ObjectHideFlags: 0
  serializedVersion: 2
  m_Modification:
    m_TransformParent: {fileID: 8291239628803508067}
    m_Modifications:
    - target: {fileID: 6264198498453176722, guid: 7e80e429d567d034fa79b08c54af65b3, type: 3}
      propertyPath: m_Name
      value: PointSpownDecor (10)
      objectReference: {fileID: 0}
    - target: {fileID: 8519726092206737125, guid: 7e80e429d567d034fa79b08c54af65b3, type: 3}
      propertyPath: m_RootOrder
      value: 6
      objectReference: {fileID: 0}
    - target: {fileID: 8519726092206737125, guid: 7e80e429d567d034fa79b08c54af65b3, type: 3}
      propertyPath: m_LocalPosition.x
      value: -3.3
      objectReference: {fileID: 0}
    - target: {fileID: 8519726092206737125, guid: 7e80e429d567d034fa79b08c54af65b3, type: 3}
      propertyPath: m_LocalPosition.y
      value: 1.9
      objectReference: {fileID: 0}
    - target: {fileID: 8519726092206737125, guid: 7e80e429d567d034fa79b08c54af65b3, type: 3}
      propertyPath: m_LocalPosition.z
      value: 0
      objectReference: {fileID: 0}
    - target: {fileID: 8519726092206737125, guid: 7e80e429d567d034fa79b08c54af65b3, type: 3}
      propertyPath: m_LocalRotation.w
      value: 1
      objectReference: {fileID: 0}
    - target: {fileID: 8519726092206737125, guid: 7e80e429d567d034fa79b08c54af65b3, type: 3}
      propertyPath: m_LocalRotation.x
      value: -0
      objectReference: {fileID: 0}
    - target: {fileID: 8519726092206737125, guid: 7e80e429d567d034fa79b08c54af65b3, type: 3}
      propertyPath: m_LocalRotation.y
      value: -0
      objectReference: {fileID: 0}
    - target: {fileID: 8519726092206737125, guid: 7e80e429d567d034fa79b08c54af65b3, type: 3}
      propertyPath: m_LocalRotation.z
      value: -0
      objectReference: {fileID: 0}
    - target: {fileID: 8519726092206737125, guid: 7e80e429d567d034fa79b08c54af65b3, type: 3}
      propertyPath: m_LocalEulerAnglesHint.x
      value: 0
      objectReference: {fileID: 0}
    - target: {fileID: 8519726092206737125, guid: 7e80e429d567d034fa79b08c54af65b3, type: 3}
      propertyPath: m_LocalEulerAnglesHint.y
      value: 0
      objectReference: {fileID: 0}
    - target: {fileID: 8519726092206737125, guid: 7e80e429d567d034fa79b08c54af65b3, type: 3}
      propertyPath: m_LocalEulerAnglesHint.z
      value: 0
      objectReference: {fileID: 0}
    m_RemovedComponents: []
  m_SourcePrefab: {fileID: 100100000, guid: 7e80e429d567d034fa79b08c54af65b3, type: 3}
--- !u!4 &8423686960167841241 stripped
Transform:
  m_CorrespondingSourceObject: {fileID: 8519726092206737125, guid: 7e80e429d567d034fa79b08c54af65b3, type: 3}
  m_PrefabInstance: {fileID: 205713218502978364}
  m_PrefabAsset: {fileID: 0}
--- !u!1001 &323885724745996176
PrefabInstance:
  m_ObjectHideFlags: 0
  serializedVersion: 2
  m_Modification:
    m_TransformParent: {fileID: 6859008122277803686}
    m_Modifications:
    - target: {fileID: 4755040777646915434, guid: 2e5409a733384f24ab7cde3cb7d3e811, type: 3}
      propertyPath: m_Name
      value: PointSpownBonus (5)
      objectReference: {fileID: 0}
    - target: {fileID: 7002972631618975773, guid: 2e5409a733384f24ab7cde3cb7d3e811, type: 3}
      propertyPath: m_RootOrder
      value: 5
      objectReference: {fileID: 0}
    - target: {fileID: 7002972631618975773, guid: 2e5409a733384f24ab7cde3cb7d3e811, type: 3}
      propertyPath: m_LocalPosition.x
      value: -15.18
      objectReference: {fileID: 0}
    - target: {fileID: 7002972631618975773, guid: 2e5409a733384f24ab7cde3cb7d3e811, type: 3}
      propertyPath: m_LocalPosition.y
      value: 3
      objectReference: {fileID: 0}
    - target: {fileID: 7002972631618975773, guid: 2e5409a733384f24ab7cde3cb7d3e811, type: 3}
      propertyPath: m_LocalPosition.z
      value: 0
      objectReference: {fileID: 0}
    - target: {fileID: 7002972631618975773, guid: 2e5409a733384f24ab7cde3cb7d3e811, type: 3}
      propertyPath: m_LocalRotation.w
      value: 1
      objectReference: {fileID: 0}
    - target: {fileID: 7002972631618975773, guid: 2e5409a733384f24ab7cde3cb7d3e811, type: 3}
      propertyPath: m_LocalRotation.x
      value: -0
      objectReference: {fileID: 0}
    - target: {fileID: 7002972631618975773, guid: 2e5409a733384f24ab7cde3cb7d3e811, type: 3}
      propertyPath: m_LocalRotation.y
      value: -0
      objectReference: {fileID: 0}
    - target: {fileID: 7002972631618975773, guid: 2e5409a733384f24ab7cde3cb7d3e811, type: 3}
      propertyPath: m_LocalRotation.z
      value: -0
      objectReference: {fileID: 0}
    - target: {fileID: 7002972631618975773, guid: 2e5409a733384f24ab7cde3cb7d3e811, type: 3}
      propertyPath: m_LocalEulerAnglesHint.x
      value: 0
      objectReference: {fileID: 0}
    - target: {fileID: 7002972631618975773, guid: 2e5409a733384f24ab7cde3cb7d3e811, type: 3}
      propertyPath: m_LocalEulerAnglesHint.y
      value: 0
      objectReference: {fileID: 0}
    - target: {fileID: 7002972631618975773, guid: 2e5409a733384f24ab7cde3cb7d3e811, type: 3}
      propertyPath: m_LocalEulerAnglesHint.z
      value: 0
      objectReference: {fileID: 0}
    m_RemovedComponents: []
  m_SourcePrefab: {fileID: 100100000, guid: 2e5409a733384f24ab7cde3cb7d3e811, type: 3}
--- !u!4 &7300654784403500941 stripped
Transform:
  m_CorrespondingSourceObject: {fileID: 7002972631618975773, guid: 2e5409a733384f24ab7cde3cb7d3e811, type: 3}
  m_PrefabInstance: {fileID: 323885724745996176}
  m_PrefabAsset: {fileID: 0}
--- !u!1001 &1107385608757712790
PrefabInstance:
  m_ObjectHideFlags: 0
  serializedVersion: 2
  m_Modification:
    m_TransformParent: {fileID: 8291239628803508067}
    m_Modifications:
    - target: {fileID: 6264198498453176722, guid: 7e80e429d567d034fa79b08c54af65b3, type: 3}
      propertyPath: m_Name
      value: PointSpownDecor
      objectReference: {fileID: 0}
    - target: {fileID: 8519726092206737125, guid: 7e80e429d567d034fa79b08c54af65b3, type: 3}
      propertyPath: m_RootOrder
      value: 0
      objectReference: {fileID: 0}
    - target: {fileID: 8519726092206737125, guid: 7e80e429d567d034fa79b08c54af65b3, type: 3}
      propertyPath: m_LocalPosition.x
      value: 0
      objectReference: {fileID: 0}
    - target: {fileID: 8519726092206737125, guid: 7e80e429d567d034fa79b08c54af65b3, type: 3}
      propertyPath: m_LocalPosition.y
      value: 1.9
      objectReference: {fileID: 0}
    - target: {fileID: 8519726092206737125, guid: 7e80e429d567d034fa79b08c54af65b3, type: 3}
      propertyPath: m_LocalPosition.z
      value: 0
      objectReference: {fileID: 0}
    - target: {fileID: 8519726092206737125, guid: 7e80e429d567d034fa79b08c54af65b3, type: 3}
      propertyPath: m_LocalRotation.w
      value: 1
      objectReference: {fileID: 0}
    - target: {fileID: 8519726092206737125, guid: 7e80e429d567d034fa79b08c54af65b3, type: 3}
      propertyPath: m_LocalRotation.x
      value: -0
      objectReference: {fileID: 0}
    - target: {fileID: 8519726092206737125, guid: 7e80e429d567d034fa79b08c54af65b3, type: 3}
      propertyPath: m_LocalRotation.y
      value: -0
      objectReference: {fileID: 0}
    - target: {fileID: 8519726092206737125, guid: 7e80e429d567d034fa79b08c54af65b3, type: 3}
      propertyPath: m_LocalRotation.z
      value: -0
      objectReference: {fileID: 0}
    - target: {fileID: 8519726092206737125, guid: 7e80e429d567d034fa79b08c54af65b3, type: 3}
      propertyPath: m_LocalEulerAnglesHint.x
      value: 0
      objectReference: {fileID: 0}
    - target: {fileID: 8519726092206737125, guid: 7e80e429d567d034fa79b08c54af65b3, type: 3}
      propertyPath: m_LocalEulerAnglesHint.y
      value: 0
      objectReference: {fileID: 0}
    - target: {fileID: 8519726092206737125, guid: 7e80e429d567d034fa79b08c54af65b3, type: 3}
      propertyPath: m_LocalEulerAnglesHint.z
      value: 0
      objectReference: {fileID: 0}
    m_RemovedComponents: []
  m_SourcePrefab: {fileID: 100100000, guid: 7e80e429d567d034fa79b08c54af65b3, type: 3}
--- !u!4 &8746585199451443571 stripped
Transform:
  m_CorrespondingSourceObject: {fileID: 8519726092206737125, guid: 7e80e429d567d034fa79b08c54af65b3, type: 3}
  m_PrefabInstance: {fileID: 1107385608757712790}
  m_PrefabAsset: {fileID: 0}
--- !u!1001 &1734493030166869139
PrefabInstance:
  m_ObjectHideFlags: 0
  serializedVersion: 2
  m_Modification:
    m_TransformParent: {fileID: 8291239628803508067}
    m_Modifications:
    - target: {fileID: 6264198498453176722, guid: 7e80e429d567d034fa79b08c54af65b3, type: 3}
      propertyPath: m_Name
      value: PointSpownDecor (17)
      objectReference: {fileID: 0}
    - target: {fileID: 8519726092206737125, guid: 7e80e429d567d034fa79b08c54af65b3, type: 3}
      propertyPath: m_RootOrder
      value: 11
      objectReference: {fileID: 0}
    - target: {fileID: 8519726092206737125, guid: 7e80e429d567d034fa79b08c54af65b3, type: 3}
      propertyPath: m_LocalPosition.x
      value: -5.1099987
      objectReference: {fileID: 0}
    - target: {fileID: 8519726092206737125, guid: 7e80e429d567d034fa79b08c54af65b3, type: 3}
      propertyPath: m_LocalPosition.y
      value: 1.9
      objectReference: {fileID: 0}
    - target: {fileID: 8519726092206737125, guid: 7e80e429d567d034fa79b08c54af65b3, type: 3}
      propertyPath: m_LocalPosition.z
      value: 0
      objectReference: {fileID: 0}
    - target: {fileID: 8519726092206737125, guid: 7e80e429d567d034fa79b08c54af65b3, type: 3}
      propertyPath: m_LocalRotation.w
      value: 1
      objectReference: {fileID: 0}
    - target: {fileID: 8519726092206737125, guid: 7e80e429d567d034fa79b08c54af65b3, type: 3}
      propertyPath: m_LocalRotation.x
      value: -0
      objectReference: {fileID: 0}
    - target: {fileID: 8519726092206737125, guid: 7e80e429d567d034fa79b08c54af65b3, type: 3}
      propertyPath: m_LocalRotation.y
      value: -0
      objectReference: {fileID: 0}
    - target: {fileID: 8519726092206737125, guid: 7e80e429d567d034fa79b08c54af65b3, type: 3}
      propertyPath: m_LocalRotation.z
      value: -0
      objectReference: {fileID: 0}
    - target: {fileID: 8519726092206737125, guid: 7e80e429d567d034fa79b08c54af65b3, type: 3}
      propertyPath: m_LocalEulerAnglesHint.x
      value: 0
      objectReference: {fileID: 0}
    - target: {fileID: 8519726092206737125, guid: 7e80e429d567d034fa79b08c54af65b3, type: 3}
      propertyPath: m_LocalEulerAnglesHint.y
      value: 0
      objectReference: {fileID: 0}
    - target: {fileID: 8519726092206737125, guid: 7e80e429d567d034fa79b08c54af65b3, type: 3}
      propertyPath: m_LocalEulerAnglesHint.z
      value: 0
      objectReference: {fileID: 0}
    m_RemovedComponents: []
  m_SourcePrefab: {fileID: 100100000, guid: 7e80e429d567d034fa79b08c54af65b3, type: 3}
--- !u!4 &7939298059826016886 stripped
Transform:
  m_CorrespondingSourceObject: {fileID: 8519726092206737125, guid: 7e80e429d567d034fa79b08c54af65b3, type: 3}
  m_PrefabInstance: {fileID: 1734493030166869139}
  m_PrefabAsset: {fileID: 0}
--- !u!1001 &2096982287999835483
PrefabInstance:
  m_ObjectHideFlags: 0
  serializedVersion: 2
  m_Modification:
    m_TransformParent: {fileID: 8291239628803508067}
    m_Modifications:
    - target: {fileID: 6264198498453176722, guid: 7e80e429d567d034fa79b08c54af65b3, type: 3}
      propertyPath: m_Name
      value: PointSpownDecor (19)
      objectReference: {fileID: 0}
    - target: {fileID: 8519726092206737125, guid: 7e80e429d567d034fa79b08c54af65b3, type: 3}
      propertyPath: m_RootOrder
      value: 12
      objectReference: {fileID: 0}
    - target: {fileID: 8519726092206737125, guid: 7e80e429d567d034fa79b08c54af65b3, type: 3}
      propertyPath: m_LocalPosition.x
      value: -2.39
      objectReference: {fileID: 0}
    - target: {fileID: 8519726092206737125, guid: 7e80e429d567d034fa79b08c54af65b3, type: 3}
      propertyPath: m_LocalPosition.y
      value: 1.9
      objectReference: {fileID: 0}
    - target: {fileID: 8519726092206737125, guid: 7e80e429d567d034fa79b08c54af65b3, type: 3}
      propertyPath: m_LocalPosition.z
      value: 0
      objectReference: {fileID: 0}
    - target: {fileID: 8519726092206737125, guid: 7e80e429d567d034fa79b08c54af65b3, type: 3}
      propertyPath: m_LocalRotation.w
      value: 1
      objectReference: {fileID: 0}
    - target: {fileID: 8519726092206737125, guid: 7e80e429d567d034fa79b08c54af65b3, type: 3}
      propertyPath: m_LocalRotation.x
      value: -0
      objectReference: {fileID: 0}
    - target: {fileID: 8519726092206737125, guid: 7e80e429d567d034fa79b08c54af65b3, type: 3}
      propertyPath: m_LocalRotation.y
      value: -0
      objectReference: {fileID: 0}
    - target: {fileID: 8519726092206737125, guid: 7e80e429d567d034fa79b08c54af65b3, type: 3}
      propertyPath: m_LocalRotation.z
      value: -0
      objectReference: {fileID: 0}
    - target: {fileID: 8519726092206737125, guid: 7e80e429d567d034fa79b08c54af65b3, type: 3}
      propertyPath: m_LocalEulerAnglesHint.x
      value: 0
      objectReference: {fileID: 0}
    - target: {fileID: 8519726092206737125, guid: 7e80e429d567d034fa79b08c54af65b3, type: 3}
      propertyPath: m_LocalEulerAnglesHint.y
      value: 0
      objectReference: {fileID: 0}
    - target: {fileID: 8519726092206737125, guid: 7e80e429d567d034fa79b08c54af65b3, type: 3}
      propertyPath: m_LocalEulerAnglesHint.z
      value: 0
      objectReference: {fileID: 0}
    m_RemovedComponents: []
  m_SourcePrefab: {fileID: 100100000, guid: 7e80e429d567d034fa79b08c54af65b3, type: 3}
--- !u!4 &7720823401385302974 stripped
Transform:
  m_CorrespondingSourceObject: {fileID: 8519726092206737125, guid: 7e80e429d567d034fa79b08c54af65b3, type: 3}
  m_PrefabInstance: {fileID: 2096982287999835483}
  m_PrefabAsset: {fileID: 0}
--- !u!1001 &2581656303499169042
PrefabInstance:
  m_ObjectHideFlags: 0
  serializedVersion: 2
  m_Modification:
    m_TransformParent: {fileID: 8291239628803508067}
    m_Modifications:
    - target: {fileID: 6264198498453176722, guid: 7e80e429d567d034fa79b08c54af65b3, type: 3}
      propertyPath: m_Name
      value: PointSpownDecor (13)
      objectReference: {fileID: 0}
    - target: {fileID: 8519726092206737125, guid: 7e80e429d567d034fa79b08c54af65b3, type: 3}
      propertyPath: m_RootOrder
      value: 8
      objectReference: {fileID: 0}
    - target: {fileID: 8519726092206737125, guid: 7e80e429d567d034fa79b08c54af65b3, type: 3}
      propertyPath: m_LocalPosition.x
      value: -11.449999
      objectReference: {fileID: 0}
    - target: {fileID: 8519726092206737125, guid: 7e80e429d567d034fa79b08c54af65b3, type: 3}
      propertyPath: m_LocalPosition.y
      value: 1.9
      objectReference: {fileID: 0}
    - target: {fileID: 8519726092206737125, guid: 7e80e429d567d034fa79b08c54af65b3, type: 3}
      propertyPath: m_LocalPosition.z
      value: 0
      objectReference: {fileID: 0}
    - target: {fileID: 8519726092206737125, guid: 7e80e429d567d034fa79b08c54af65b3, type: 3}
      propertyPath: m_LocalRotation.w
      value: 1
      objectReference: {fileID: 0}
    - target: {fileID: 8519726092206737125, guid: 7e80e429d567d034fa79b08c54af65b3, type: 3}
      propertyPath: m_LocalRotation.x
      value: -0
      objectReference: {fileID: 0}
    - target: {fileID: 8519726092206737125, guid: 7e80e429d567d034fa79b08c54af65b3, type: 3}
      propertyPath: m_LocalRotation.y
      value: -0
      objectReference: {fileID: 0}
    - target: {fileID: 8519726092206737125, guid: 7e80e429d567d034fa79b08c54af65b3, type: 3}
      propertyPath: m_LocalRotation.z
      value: -0
      objectReference: {fileID: 0}
    - target: {fileID: 8519726092206737125, guid: 7e80e429d567d034fa79b08c54af65b3, type: 3}
      propertyPath: m_LocalEulerAnglesHint.x
      value: 0
      objectReference: {fileID: 0}
    - target: {fileID: 8519726092206737125, guid: 7e80e429d567d034fa79b08c54af65b3, type: 3}
      propertyPath: m_LocalEulerAnglesHint.y
      value: 0
      objectReference: {fileID: 0}
    - target: {fileID: 8519726092206737125, guid: 7e80e429d567d034fa79b08c54af65b3, type: 3}
      propertyPath: m_LocalEulerAnglesHint.z
      value: 0
      objectReference: {fileID: 0}
    m_RemovedComponents: []
  m_SourcePrefab: {fileID: 100100000, guid: 7e80e429d567d034fa79b08c54af65b3, type: 3}
--- !u!4 &6192386846000630775 stripped
Transform:
  m_CorrespondingSourceObject: {fileID: 8519726092206737125, guid: 7e80e429d567d034fa79b08c54af65b3, type: 3}
  m_PrefabInstance: {fileID: 2581656303499169042}
  m_PrefabAsset: {fileID: 0}
--- !u!1001 &2859620833474868283
PrefabInstance:
  m_ObjectHideFlags: 0
  serializedVersion: 2
  m_Modification:
    m_TransformParent: {fileID: 6859008122277803686}
    m_Modifications:
    - target: {fileID: 4755040777646915434, guid: 2e5409a733384f24ab7cde3cb7d3e811, type: 3}
      propertyPath: m_Name
      value: PointSpownBonus (2)
      objectReference: {fileID: 0}
    - target: {fileID: 7002972631618975773, guid: 2e5409a733384f24ab7cde3cb7d3e811, type: 3}
      propertyPath: m_RootOrder
      value: 2
      objectReference: {fileID: 0}
    - target: {fileID: 7002972631618975773, guid: 2e5409a733384f24ab7cde3cb7d3e811, type: 3}
      propertyPath: m_LocalPosition.x
      value: 3.39
      objectReference: {fileID: 0}
    - target: {fileID: 7002972631618975773, guid: 2e5409a733384f24ab7cde3cb7d3e811, type: 3}
      propertyPath: m_LocalPosition.y
      value: 3
      objectReference: {fileID: 0}
    - target: {fileID: 7002972631618975773, guid: 2e5409a733384f24ab7cde3cb7d3e811, type: 3}
      propertyPath: m_LocalPosition.z
      value: 0
      objectReference: {fileID: 0}
    - target: {fileID: 7002972631618975773, guid: 2e5409a733384f24ab7cde3cb7d3e811, type: 3}
      propertyPath: m_LocalRotation.w
      value: 1
      objectReference: {fileID: 0}
    - target: {fileID: 7002972631618975773, guid: 2e5409a733384f24ab7cde3cb7d3e811, type: 3}
      propertyPath: m_LocalRotation.x
      value: -0
      objectReference: {fileID: 0}
    - target: {fileID: 7002972631618975773, guid: 2e5409a733384f24ab7cde3cb7d3e811, type: 3}
      propertyPath: m_LocalRotation.y
      value: -0
      objectReference: {fileID: 0}
    - target: {fileID: 7002972631618975773, guid: 2e5409a733384f24ab7cde3cb7d3e811, type: 3}
      propertyPath: m_LocalRotation.z
      value: -0
      objectReference: {fileID: 0}
    - target: {fileID: 7002972631618975773, guid: 2e5409a733384f24ab7cde3cb7d3e811, type: 3}
      propertyPath: m_LocalEulerAnglesHint.x
      value: 0
      objectReference: {fileID: 0}
    - target: {fileID: 7002972631618975773, guid: 2e5409a733384f24ab7cde3cb7d3e811, type: 3}
      propertyPath: m_LocalEulerAnglesHint.y
      value: 0
      objectReference: {fileID: 0}
    - target: {fileID: 7002972631618975773, guid: 2e5409a733384f24ab7cde3cb7d3e811, type: 3}
      propertyPath: m_LocalEulerAnglesHint.z
      value: 0
      objectReference: {fileID: 0}
    m_RemovedComponents: []
  m_SourcePrefab: {fileID: 100100000, guid: 2e5409a733384f24ab7cde3cb7d3e811, type: 3}
--- !u!4 &5080314908243725350 stripped
Transform:
  m_CorrespondingSourceObject: {fileID: 7002972631618975773, guid: 2e5409a733384f24ab7cde3cb7d3e811, type: 3}
  m_PrefabInstance: {fileID: 2859620833474868283}
  m_PrefabAsset: {fileID: 0}
--- !u!1001 &3301453884745349060
PrefabInstance:
  m_ObjectHideFlags: 0
  serializedVersion: 2
  m_Modification:
    m_TransformParent: {fileID: 4678936164668426455}
    m_Modifications:
    - target: {fileID: 6109780332630862553, guid: c80074da6677b0d4282870af9c0b3cb6, type: 3}
      propertyPath: m_Name
      value: PointSpownEnemy
      objectReference: {fileID: 0}
    - target: {fileID: 8365592657491865006, guid: c80074da6677b0d4282870af9c0b3cb6, type: 3}
      propertyPath: m_RootOrder
      value: 0
      objectReference: {fileID: 0}
    - target: {fileID: 8365592657491865006, guid: c80074da6677b0d4282870af9c0b3cb6, type: 3}
      propertyPath: m_LocalPosition.x
      value: -12.81
      objectReference: {fileID: 0}
    - target: {fileID: 8365592657491865006, guid: c80074da6677b0d4282870af9c0b3cb6, type: 3}
      propertyPath: m_LocalPosition.y
      value: 1
      objectReference: {fileID: 0}
    - target: {fileID: 8365592657491865006, guid: c80074da6677b0d4282870af9c0b3cb6, type: 3}
      propertyPath: m_LocalPosition.z
      value: 0
      objectReference: {fileID: 0}
    - target: {fileID: 8365592657491865006, guid: c80074da6677b0d4282870af9c0b3cb6, type: 3}
      propertyPath: m_LocalRotation.w
      value: 1
      objectReference: {fileID: 0}
    - target: {fileID: 8365592657491865006, guid: c80074da6677b0d4282870af9c0b3cb6, type: 3}
      propertyPath: m_LocalRotation.x
      value: -0
      objectReference: {fileID: 0}
    - target: {fileID: 8365592657491865006, guid: c80074da6677b0d4282870af9c0b3cb6, type: 3}
      propertyPath: m_LocalRotation.y
      value: -0
      objectReference: {fileID: 0}
    - target: {fileID: 8365592657491865006, guid: c80074da6677b0d4282870af9c0b3cb6, type: 3}
      propertyPath: m_LocalRotation.z
      value: -0
      objectReference: {fileID: 0}
    - target: {fileID: 8365592657491865006, guid: c80074da6677b0d4282870af9c0b3cb6, type: 3}
      propertyPath: m_LocalEulerAnglesHint.x
      value: 0
      objectReference: {fileID: 0}
    - target: {fileID: 8365592657491865006, guid: c80074da6677b0d4282870af9c0b3cb6, type: 3}
      propertyPath: m_LocalEulerAnglesHint.y
      value: 0
      objectReference: {fileID: 0}
    - target: {fileID: 8365592657491865006, guid: c80074da6677b0d4282870af9c0b3cb6, type: 3}
      propertyPath: m_LocalEulerAnglesHint.z
      value: 0
      objectReference: {fileID: 0}
    m_RemovedComponents: []
  m_SourcePrefab: {fileID: 100100000, guid: c80074da6677b0d4282870af9c0b3cb6, type: 3}
--- !u!4 &6469861640165612138 stripped
Transform:
  m_CorrespondingSourceObject: {fileID: 8365592657491865006, guid: c80074da6677b0d4282870af9c0b3cb6, type: 3}
  m_PrefabInstance: {fileID: 3301453884745349060}
  m_PrefabAsset: {fileID: 0}
--- !u!1001 &3413186272862821997
PrefabInstance:
  m_ObjectHideFlags: 0
  serializedVersion: 2
  m_Modification:
    m_TransformParent: {fileID: 6859008122277803686}
    m_Modifications:
    - target: {fileID: 4755040777646915434, guid: 2e5409a733384f24ab7cde3cb7d3e811, type: 3}
      propertyPath: m_Name
      value: PointSpownBonus
      objectReference: {fileID: 0}
    - target: {fileID: 7002972631618975773, guid: 2e5409a733384f24ab7cde3cb7d3e811, type: 3}
      propertyPath: m_RootOrder
      value: 0
      objectReference: {fileID: 0}
    - target: {fileID: 7002972631618975773, guid: 2e5409a733384f24ab7cde3cb7d3e811, type: 3}
      propertyPath: m_LocalPosition.x
      value: 15.01
      objectReference: {fileID: 0}
    - target: {fileID: 7002972631618975773, guid: 2e5409a733384f24ab7cde3cb7d3e811, type: 3}
      propertyPath: m_LocalPosition.y
      value: 3
      objectReference: {fileID: 0}
    - target: {fileID: 7002972631618975773, guid: 2e5409a733384f24ab7cde3cb7d3e811, type: 3}
      propertyPath: m_LocalPosition.z
      value: 0
      objectReference: {fileID: 0}
    - target: {fileID: 7002972631618975773, guid: 2e5409a733384f24ab7cde3cb7d3e811, type: 3}
      propertyPath: m_LocalRotation.w
      value: 1
      objectReference: {fileID: 0}
    - target: {fileID: 7002972631618975773, guid: 2e5409a733384f24ab7cde3cb7d3e811, type: 3}
      propertyPath: m_LocalRotation.x
      value: -0
      objectReference: {fileID: 0}
    - target: {fileID: 7002972631618975773, guid: 2e5409a733384f24ab7cde3cb7d3e811, type: 3}
      propertyPath: m_LocalRotation.y
      value: -0
      objectReference: {fileID: 0}
    - target: {fileID: 7002972631618975773, guid: 2e5409a733384f24ab7cde3cb7d3e811, type: 3}
      propertyPath: m_LocalRotation.z
      value: -0
      objectReference: {fileID: 0}
    - target: {fileID: 7002972631618975773, guid: 2e5409a733384f24ab7cde3cb7d3e811, type: 3}
      propertyPath: m_LocalEulerAnglesHint.x
      value: 0
      objectReference: {fileID: 0}
    - target: {fileID: 7002972631618975773, guid: 2e5409a733384f24ab7cde3cb7d3e811, type: 3}
      propertyPath: m_LocalEulerAnglesHint.y
      value: 0
      objectReference: {fileID: 0}
    - target: {fileID: 7002972631618975773, guid: 2e5409a733384f24ab7cde3cb7d3e811, type: 3}
      propertyPath: m_LocalEulerAnglesHint.z
      value: 0
      objectReference: {fileID: 0}
    m_RemovedComponents: []
  m_SourcePrefab: {fileID: 100100000, guid: 2e5409a733384f24ab7cde3cb7d3e811, type: 3}
--- !u!4 &5652470898852374128 stripped
Transform:
  m_CorrespondingSourceObject: {fileID: 7002972631618975773, guid: 2e5409a733384f24ab7cde3cb7d3e811, type: 3}
  m_PrefabInstance: {fileID: 3413186272862821997}
  m_PrefabAsset: {fileID: 0}
--- !u!1001 &3436256702012603960
PrefabInstance:
  m_ObjectHideFlags: 0
  serializedVersion: 2
  m_Modification:
    m_TransformParent: {fileID: 4678936164668426455}
    m_Modifications:
    - target: {fileID: 6109780332630862553, guid: c80074da6677b0d4282870af9c0b3cb6, type: 3}
      propertyPath: m_Name
      value: PointSpownEnemy (3)
      objectReference: {fileID: 0}
    - target: {fileID: 8365592657491865006, guid: c80074da6677b0d4282870af9c0b3cb6, type: 3}
      propertyPath: m_RootOrder
      value: 3
      objectReference: {fileID: 0}
    - target: {fileID: 8365592657491865006, guid: c80074da6677b0d4282870af9c0b3cb6, type: 3}
      propertyPath: m_LocalPosition.x
      value: 5.89
      objectReference: {fileID: 0}
    - target: {fileID: 8365592657491865006, guid: c80074da6677b0d4282870af9c0b3cb6, type: 3}
      propertyPath: m_LocalPosition.y
      value: 1
      objectReference: {fileID: 0}
    - target: {fileID: 8365592657491865006, guid: c80074da6677b0d4282870af9c0b3cb6, type: 3}
      propertyPath: m_LocalPosition.z
      value: 0
      objectReference: {fileID: 0}
    - target: {fileID: 8365592657491865006, guid: c80074da6677b0d4282870af9c0b3cb6, type: 3}
      propertyPath: m_LocalRotation.w
      value: 1
      objectReference: {fileID: 0}
    - target: {fileID: 8365592657491865006, guid: c80074da6677b0d4282870af9c0b3cb6, type: 3}
      propertyPath: m_LocalRotation.x
      value: -0
      objectReference: {fileID: 0}
    - target: {fileID: 8365592657491865006, guid: c80074da6677b0d4282870af9c0b3cb6, type: 3}
      propertyPath: m_LocalRotation.y
      value: -0
      objectReference: {fileID: 0}
    - target: {fileID: 8365592657491865006, guid: c80074da6677b0d4282870af9c0b3cb6, type: 3}
      propertyPath: m_LocalRotation.z
      value: -0
      objectReference: {fileID: 0}
    - target: {fileID: 8365592657491865006, guid: c80074da6677b0d4282870af9c0b3cb6, type: 3}
      propertyPath: m_LocalEulerAnglesHint.x
      value: 0
      objectReference: {fileID: 0}
    - target: {fileID: 8365592657491865006, guid: c80074da6677b0d4282870af9c0b3cb6, type: 3}
      propertyPath: m_LocalEulerAnglesHint.y
      value: 0
      objectReference: {fileID: 0}
    - target: {fileID: 8365592657491865006, guid: c80074da6677b0d4282870af9c0b3cb6, type: 3}
      propertyPath: m_LocalEulerAnglesHint.z
      value: 0
      objectReference: {fileID: 0}
    m_RemovedComponents: []
  m_SourcePrefab: {fileID: 100100000, guid: c80074da6677b0d4282870af9c0b3cb6, type: 3}
--- !u!4 &6604677774247400342 stripped
Transform:
  m_CorrespondingSourceObject: {fileID: 8365592657491865006, guid: c80074da6677b0d4282870af9c0b3cb6, type: 3}
  m_PrefabInstance: {fileID: 3436256702012603960}
  m_PrefabAsset: {fileID: 0}
--- !u!1001 &3698106484029661073
PrefabInstance:
  m_ObjectHideFlags: 0
  serializedVersion: 2
  m_Modification:
    m_TransformParent: {fileID: 8291239628803508067}
    m_Modifications:
    - target: {fileID: 6264198498453176722, guid: 7e80e429d567d034fa79b08c54af65b3, type: 3}
      propertyPath: m_Name
      value: PointSpownDecor (6)
      objectReference: {fileID: 0}
    - target: {fileID: 8519726092206737125, guid: 7e80e429d567d034fa79b08c54af65b3, type: 3}
      propertyPath: m_RootOrder
      value: 3
      objectReference: {fileID: 0}
    - target: {fileID: 8519726092206737125, guid: 7e80e429d567d034fa79b08c54af65b3, type: 3}
      propertyPath: m_LocalPosition.x
      value: 10.94
      objectReference: {fileID: 0}
    - target: {fileID: 8519726092206737125, guid: 7e80e429d567d034fa79b08c54af65b3, type: 3}
      propertyPath: m_LocalPosition.y
      value: 1.9
      objectReference: {fileID: 0}
    - target: {fileID: 8519726092206737125, guid: 7e80e429d567d034fa79b08c54af65b3, type: 3}
      propertyPath: m_LocalPosition.z
      value: 0
      objectReference: {fileID: 0}
    - target: {fileID: 8519726092206737125, guid: 7e80e429d567d034fa79b08c54af65b3, type: 3}
      propertyPath: m_LocalRotation.w
      value: 1
      objectReference: {fileID: 0}
    - target: {fileID: 8519726092206737125, guid: 7e80e429d567d034fa79b08c54af65b3, type: 3}
      propertyPath: m_LocalRotation.x
      value: -0
      objectReference: {fileID: 0}
    - target: {fileID: 8519726092206737125, guid: 7e80e429d567d034fa79b08c54af65b3, type: 3}
      propertyPath: m_LocalRotation.y
      value: -0
      objectReference: {fileID: 0}
    - target: {fileID: 8519726092206737125, guid: 7e80e429d567d034fa79b08c54af65b3, type: 3}
      propertyPath: m_LocalRotation.z
      value: -0
      objectReference: {fileID: 0}
    - target: {fileID: 8519726092206737125, guid: 7e80e429d567d034fa79b08c54af65b3, type: 3}
      propertyPath: m_LocalEulerAnglesHint.x
      value: 0
      objectReference: {fileID: 0}
    - target: {fileID: 8519726092206737125, guid: 7e80e429d567d034fa79b08c54af65b3, type: 3}
      propertyPath: m_LocalEulerAnglesHint.y
      value: 0
      objectReference: {fileID: 0}
    - target: {fileID: 8519726092206737125, guid: 7e80e429d567d034fa79b08c54af65b3, type: 3}
      propertyPath: m_LocalEulerAnglesHint.z
      value: 0
      objectReference: {fileID: 0}
    m_RemovedComponents: []
  m_SourcePrefab: {fileID: 100100000, guid: 7e80e429d567d034fa79b08c54af65b3, type: 3}
--- !u!4 &5003065966476925300 stripped
Transform:
  m_CorrespondingSourceObject: {fileID: 8519726092206737125, guid: 7e80e429d567d034fa79b08c54af65b3, type: 3}
  m_PrefabInstance: {fileID: 3698106484029661073}
  m_PrefabAsset: {fileID: 0}
--- !u!1001 &3924037543129044899
PrefabInstance:
  m_ObjectHideFlags: 0
  serializedVersion: 2
  m_Modification:
    m_TransformParent: {fileID: 8291239628803508067}
    m_Modifications:
    - target: {fileID: 6264198498453176722, guid: 7e80e429d567d034fa79b08c54af65b3, type: 3}
      propertyPath: m_Name
      value: PointSpownDecor (12)
      objectReference: {fileID: 0}
    - target: {fileID: 8519726092206737125, guid: 7e80e429d567d034fa79b08c54af65b3, type: 3}
      propertyPath: m_RootOrder
      value: 7
      objectReference: {fileID: 0}
    - target: {fileID: 8519726092206737125, guid: 7e80e429d567d034fa79b08c54af65b3, type: 3}
      propertyPath: m_LocalPosition.x
      value: -12.549999
      objectReference: {fileID: 0}
    - target: {fileID: 8519726092206737125, guid: 7e80e429d567d034fa79b08c54af65b3, type: 3}
      propertyPath: m_LocalPosition.y
      value: 1.9
      objectReference: {fileID: 0}
    - target: {fileID: 8519726092206737125, guid: 7e80e429d567d034fa79b08c54af65b3, type: 3}
      propertyPath: m_LocalPosition.z
      value: 0
      objectReference: {fileID: 0}
    - target: {fileID: 8519726092206737125, guid: 7e80e429d567d034fa79b08c54af65b3, type: 3}
      propertyPath: m_LocalRotation.w
      value: 1
      objectReference: {fileID: 0}
    - target: {fileID: 8519726092206737125, guid: 7e80e429d567d034fa79b08c54af65b3, type: 3}
      propertyPath: m_LocalRotation.x
      value: -0
      objectReference: {fileID: 0}
    - target: {fileID: 8519726092206737125, guid: 7e80e429d567d034fa79b08c54af65b3, type: 3}
      propertyPath: m_LocalRotation.y
      value: -0
      objectReference: {fileID: 0}
    - target: {fileID: 8519726092206737125, guid: 7e80e429d567d034fa79b08c54af65b3, type: 3}
      propertyPath: m_LocalRotation.z
      value: -0
      objectReference: {fileID: 0}
    - target: {fileID: 8519726092206737125, guid: 7e80e429d567d034fa79b08c54af65b3, type: 3}
      propertyPath: m_LocalEulerAnglesHint.x
      value: 0
      objectReference: {fileID: 0}
    - target: {fileID: 8519726092206737125, guid: 7e80e429d567d034fa79b08c54af65b3, type: 3}
      propertyPath: m_LocalEulerAnglesHint.y
      value: 0
      objectReference: {fileID: 0}
    - target: {fileID: 8519726092206737125, guid: 7e80e429d567d034fa79b08c54af65b3, type: 3}
      propertyPath: m_LocalEulerAnglesHint.z
      value: 0
      objectReference: {fileID: 0}
    m_RemovedComponents: []
  m_SourcePrefab: {fileID: 100100000, guid: 7e80e429d567d034fa79b08c54af65b3, type: 3}
--- !u!4 &4632197301243007302 stripped
Transform:
  m_CorrespondingSourceObject: {fileID: 8519726092206737125, guid: 7e80e429d567d034fa79b08c54af65b3, type: 3}
  m_PrefabInstance: {fileID: 3924037543129044899}
  m_PrefabAsset: {fileID: 0}
--- !u!1001 &4144255297528391923
PrefabInstance:
  m_ObjectHideFlags: 0
  serializedVersion: 2
  m_Modification:
    m_TransformParent: {fileID: 8291239628803508067}
    m_Modifications:
    - target: {fileID: 6264198498453176722, guid: 7e80e429d567d034fa79b08c54af65b3, type: 3}
      propertyPath: m_Name
      value: PointSpownDecor (7)
      objectReference: {fileID: 0}
    - target: {fileID: 8519726092206737125, guid: 7e80e429d567d034fa79b08c54af65b3, type: 3}
      propertyPath: m_RootOrder
      value: 4
      objectReference: {fileID: 0}
    - target: {fileID: 8519726092206737125, guid: 7e80e429d567d034fa79b08c54af65b3, type: 3}
      propertyPath: m_LocalPosition.x
      value: 12.1
      objectReference: {fileID: 0}
    - target: {fileID: 8519726092206737125, guid: 7e80e429d567d034fa79b08c54af65b3, type: 3}
      propertyPath: m_LocalPosition.y
      value: 1.9
      objectReference: {fileID: 0}
    - target: {fileID: 8519726092206737125, guid: 7e80e429d567d034fa79b08c54af65b3, type: 3}
      propertyPath: m_LocalPosition.z
      value: 0
      objectReference: {fileID: 0}
    - target: {fileID: 8519726092206737125, guid: 7e80e429d567d034fa79b08c54af65b3, type: 3}
      propertyPath: m_LocalRotation.w
      value: 1
      objectReference: {fileID: 0}
    - target: {fileID: 8519726092206737125, guid: 7e80e429d567d034fa79b08c54af65b3, type: 3}
      propertyPath: m_LocalRotation.x
      value: -0
      objectReference: {fileID: 0}
    - target: {fileID: 8519726092206737125, guid: 7e80e429d567d034fa79b08c54af65b3, type: 3}
      propertyPath: m_LocalRotation.y
      value: -0
      objectReference: {fileID: 0}
    - target: {fileID: 8519726092206737125, guid: 7e80e429d567d034fa79b08c54af65b3, type: 3}
      propertyPath: m_LocalRotation.z
      value: -0
      objectReference: {fileID: 0}
    - target: {fileID: 8519726092206737125, guid: 7e80e429d567d034fa79b08c54af65b3, type: 3}
      propertyPath: m_LocalEulerAnglesHint.x
      value: 0
      objectReference: {fileID: 0}
    - target: {fileID: 8519726092206737125, guid: 7e80e429d567d034fa79b08c54af65b3, type: 3}
      propertyPath: m_LocalEulerAnglesHint.y
      value: 0
      objectReference: {fileID: 0}
    - target: {fileID: 8519726092206737125, guid: 7e80e429d567d034fa79b08c54af65b3, type: 3}
      propertyPath: m_LocalEulerAnglesHint.z
      value: 0
      objectReference: {fileID: 0}
    m_RemovedComponents: []
  m_SourcePrefab: {fileID: 100100000, guid: 7e80e429d567d034fa79b08c54af65b3, type: 3}
--- !u!4 &5746451844497534486 stripped
Transform:
  m_CorrespondingSourceObject: {fileID: 8519726092206737125, guid: 7e80e429d567d034fa79b08c54af65b3, type: 3}
  m_PrefabInstance: {fileID: 4144255297528391923}
  m_PrefabAsset: {fileID: 0}
--- !u!1001 &4202182466003683765
PrefabInstance:
  m_ObjectHideFlags: 0
  serializedVersion: 2
  m_Modification:
    m_TransformParent: {fileID: 4678936164668426455}
    m_Modifications:
    - target: {fileID: 6109780332630862553, guid: c80074da6677b0d4282870af9c0b3cb6, type: 3}
      propertyPath: m_Name
      value: PointSpownEnemy (2)
      objectReference: {fileID: 0}
    - target: {fileID: 8365592657491865006, guid: c80074da6677b0d4282870af9c0b3cb6, type: 3}
      propertyPath: m_RootOrder
      value: 2
      objectReference: {fileID: 0}
    - target: {fileID: 8365592657491865006, guid: c80074da6677b0d4282870af9c0b3cb6, type: 3}
      propertyPath: m_LocalPosition.x
      value: -1.53
      objectReference: {fileID: 0}
    - target: {fileID: 8365592657491865006, guid: c80074da6677b0d4282870af9c0b3cb6, type: 3}
      propertyPath: m_LocalPosition.y
      value: 1
      objectReference: {fileID: 0}
    - target: {fileID: 8365592657491865006, guid: c80074da6677b0d4282870af9c0b3cb6, type: 3}
      propertyPath: m_LocalPosition.z
      value: 0
      objectReference: {fileID: 0}
    - target: {fileID: 8365592657491865006, guid: c80074da6677b0d4282870af9c0b3cb6, type: 3}
      propertyPath: m_LocalRotation.w
      value: 1
      objectReference: {fileID: 0}
    - target: {fileID: 8365592657491865006, guid: c80074da6677b0d4282870af9c0b3cb6, type: 3}
      propertyPath: m_LocalRotation.x
      value: -0
      objectReference: {fileID: 0}
    - target: {fileID: 8365592657491865006, guid: c80074da6677b0d4282870af9c0b3cb6, type: 3}
      propertyPath: m_LocalRotation.y
      value: -0
      objectReference: {fileID: 0}
    - target: {fileID: 8365592657491865006, guid: c80074da6677b0d4282870af9c0b3cb6, type: 3}
      propertyPath: m_LocalRotation.z
      value: -0
      objectReference: {fileID: 0}
    - target: {fileID: 8365592657491865006, guid: c80074da6677b0d4282870af9c0b3cb6, type: 3}
      propertyPath: m_LocalEulerAnglesHint.x
      value: 0
      objectReference: {fileID: 0}
    - target: {fileID: 8365592657491865006, guid: c80074da6677b0d4282870af9c0b3cb6, type: 3}
      propertyPath: m_LocalEulerAnglesHint.y
      value: 0
      objectReference: {fileID: 0}
    - target: {fileID: 8365592657491865006, guid: c80074da6677b0d4282870af9c0b3cb6, type: 3}
      propertyPath: m_LocalEulerAnglesHint.z
      value: 0
      objectReference: {fileID: 0}
    m_RemovedComponents: []
  m_SourcePrefab: {fileID: 100100000, guid: c80074da6677b0d4282870af9c0b3cb6, type: 3}
--- !u!4 &5641225287559373851 stripped
Transform:
  m_CorrespondingSourceObject: {fileID: 8365592657491865006, guid: c80074da6677b0d4282870af9c0b3cb6, type: 3}
  m_PrefabInstance: {fileID: 4202182466003683765}
  m_PrefabAsset: {fileID: 0}
--- !u!1001 &4590250811506717189
PrefabInstance:
  m_ObjectHideFlags: 0
  serializedVersion: 2
  m_Modification:
    m_TransformParent: {fileID: 6859008122277803686}
    m_Modifications:
    - target: {fileID: 4755040777646915434, guid: 2e5409a733384f24ab7cde3cb7d3e811, type: 3}
      propertyPath: m_Name
      value: PointSpownBonus (1)
      objectReference: {fileID: 0}
    - target: {fileID: 7002972631618975773, guid: 2e5409a733384f24ab7cde3cb7d3e811, type: 3}
      propertyPath: m_RootOrder
      value: 1
      objectReference: {fileID: 0}
    - target: {fileID: 7002972631618975773, guid: 2e5409a733384f24ab7cde3cb7d3e811, type: 3}
      propertyPath: m_LocalPosition.x
      value: 9.56
      objectReference: {fileID: 0}
    - target: {fileID: 7002972631618975773, guid: 2e5409a733384f24ab7cde3cb7d3e811, type: 3}
      propertyPath: m_LocalPosition.y
      value: 3
      objectReference: {fileID: 0}
    - target: {fileID: 7002972631618975773, guid: 2e5409a733384f24ab7cde3cb7d3e811, type: 3}
      propertyPath: m_LocalPosition.z
      value: 0
      objectReference: {fileID: 0}
    - target: {fileID: 7002972631618975773, guid: 2e5409a733384f24ab7cde3cb7d3e811, type: 3}
      propertyPath: m_LocalRotation.w
      value: 1
      objectReference: {fileID: 0}
    - target: {fileID: 7002972631618975773, guid: 2e5409a733384f24ab7cde3cb7d3e811, type: 3}
      propertyPath: m_LocalRotation.x
      value: -0
      objectReference: {fileID: 0}
    - target: {fileID: 7002972631618975773, guid: 2e5409a733384f24ab7cde3cb7d3e811, type: 3}
      propertyPath: m_LocalRotation.y
      value: -0
      objectReference: {fileID: 0}
    - target: {fileID: 7002972631618975773, guid: 2e5409a733384f24ab7cde3cb7d3e811, type: 3}
      propertyPath: m_LocalRotation.z
      value: -0
      objectReference: {fileID: 0}
    - target: {fileID: 7002972631618975773, guid: 2e5409a733384f24ab7cde3cb7d3e811, type: 3}
      propertyPath: m_LocalEulerAnglesHint.x
      value: 0
      objectReference: {fileID: 0}
    - target: {fileID: 7002972631618975773, guid: 2e5409a733384f24ab7cde3cb7d3e811, type: 3}
      propertyPath: m_LocalEulerAnglesHint.y
      value: 0
      objectReference: {fileID: 0}
    - target: {fileID: 7002972631618975773, guid: 2e5409a733384f24ab7cde3cb7d3e811, type: 3}
      propertyPath: m_LocalEulerAnglesHint.z
      value: 0
      objectReference: {fileID: 0}
    m_RemovedComponents: []
  m_SourcePrefab: {fileID: 100100000, guid: 2e5409a733384f24ab7cde3cb7d3e811, type: 3}
--- !u!4 &6817418819118565912 stripped
Transform:
  m_CorrespondingSourceObject: {fileID: 7002972631618975773, guid: 2e5409a733384f24ab7cde3cb7d3e811, type: 3}
  m_PrefabInstance: {fileID: 4590250811506717189}
  m_PrefabAsset: {fileID: 0}
--- !u!1001 &4997330828786130035
PrefabInstance:
  m_ObjectHideFlags: 0
  serializedVersion: 2
  m_Modification:
    m_TransformParent: {fileID: 8291239628803508067}
    m_Modifications:
    - target: {fileID: 6264198498453176722, guid: 7e80e429d567d034fa79b08c54af65b3, type: 3}
      propertyPath: m_Name
      value: PointSpownDecor (5)
      objectReference: {fileID: 0}
    - target: {fileID: 8519726092206737125, guid: 7e80e429d567d034fa79b08c54af65b3, type: 3}
      propertyPath: m_RootOrder
      value: 2
      objectReference: {fileID: 0}
    - target: {fileID: 8519726092206737125, guid: 7e80e429d567d034fa79b08c54af65b3, type: 3}
      propertyPath: m_LocalPosition.x
      value: 8.93
      objectReference: {fileID: 0}
    - target: {fileID: 8519726092206737125, guid: 7e80e429d567d034fa79b08c54af65b3, type: 3}
      propertyPath: m_LocalPosition.y
      value: 1.9
      objectReference: {fileID: 0}
    - target: {fileID: 8519726092206737125, guid: 7e80e429d567d034fa79b08c54af65b3, type: 3}
      propertyPath: m_LocalPosition.z
      value: 0
      objectReference: {fileID: 0}
    - target: {fileID: 8519726092206737125, guid: 7e80e429d567d034fa79b08c54af65b3, type: 3}
      propertyPath: m_LocalRotation.w
      value: 1
      objectReference: {fileID: 0}
    - target: {fileID: 8519726092206737125, guid: 7e80e429d567d034fa79b08c54af65b3, type: 3}
      propertyPath: m_LocalRotation.x
      value: -0
      objectReference: {fileID: 0}
    - target: {fileID: 8519726092206737125, guid: 7e80e429d567d034fa79b08c54af65b3, type: 3}
      propertyPath: m_LocalRotation.y
      value: -0
      objectReference: {fileID: 0}
    - target: {fileID: 8519726092206737125, guid: 7e80e429d567d034fa79b08c54af65b3, type: 3}
      propertyPath: m_LocalRotation.z
      value: -0
      objectReference: {fileID: 0}
    - target: {fileID: 8519726092206737125, guid: 7e80e429d567d034fa79b08c54af65b3, type: 3}
      propertyPath: m_LocalEulerAnglesHint.x
      value: 0
      objectReference: {fileID: 0}
    - target: {fileID: 8519726092206737125, guid: 7e80e429d567d034fa79b08c54af65b3, type: 3}
      propertyPath: m_LocalEulerAnglesHint.y
      value: 0
      objectReference: {fileID: 0}
    - target: {fileID: 8519726092206737125, guid: 7e80e429d567d034fa79b08c54af65b3, type: 3}
      propertyPath: m_LocalEulerAnglesHint.z
      value: 0
      objectReference: {fileID: 0}
    m_RemovedComponents: []
  m_SourcePrefab: {fileID: 100100000, guid: 7e80e429d567d034fa79b08c54af65b3, type: 3}
--- !u!4 &3703700883704109718 stripped
Transform:
  m_CorrespondingSourceObject: {fileID: 8519726092206737125, guid: 7e80e429d567d034fa79b08c54af65b3, type: 3}
  m_PrefabInstance: {fileID: 4997330828786130035}
  m_PrefabAsset: {fileID: 0}
--- !u!1001 &5070294440597554489
PrefabInstance:
  m_ObjectHideFlags: 0
  serializedVersion: 2
  m_Modification:
    m_TransformParent: {fileID: 4678936164668426455}
    m_Modifications:
    - target: {fileID: 6109780332630862553, guid: c80074da6677b0d4282870af9c0b3cb6, type: 3}
      propertyPath: m_Name
      value: PointSpownEnemy (4)
      objectReference: {fileID: 0}
    - target: {fileID: 8365592657491865006, guid: c80074da6677b0d4282870af9c0b3cb6, type: 3}
      propertyPath: m_RootOrder
      value: 4
      objectReference: {fileID: 0}
    - target: {fileID: 8365592657491865006, guid: c80074da6677b0d4282870af9c0b3cb6, type: 3}
      propertyPath: m_LocalPosition.x
      value: 10.62
      objectReference: {fileID: 0}
    - target: {fileID: 8365592657491865006, guid: c80074da6677b0d4282870af9c0b3cb6, type: 3}
      propertyPath: m_LocalPosition.y
      value: 1
      objectReference: {fileID: 0}
    - target: {fileID: 8365592657491865006, guid: c80074da6677b0d4282870af9c0b3cb6, type: 3}
      propertyPath: m_LocalPosition.z
      value: 0
      objectReference: {fileID: 0}
    - target: {fileID: 8365592657491865006, guid: c80074da6677b0d4282870af9c0b3cb6, type: 3}
      propertyPath: m_LocalRotation.w
      value: 1
      objectReference: {fileID: 0}
    - target: {fileID: 8365592657491865006, guid: c80074da6677b0d4282870af9c0b3cb6, type: 3}
      propertyPath: m_LocalRotation.x
      value: -0
      objectReference: {fileID: 0}
    - target: {fileID: 8365592657491865006, guid: c80074da6677b0d4282870af9c0b3cb6, type: 3}
      propertyPath: m_LocalRotation.y
      value: -0
      objectReference: {fileID: 0}
    - target: {fileID: 8365592657491865006, guid: c80074da6677b0d4282870af9c0b3cb6, type: 3}
      propertyPath: m_LocalRotation.z
      value: -0
      objectReference: {fileID: 0}
    - target: {fileID: 8365592657491865006, guid: c80074da6677b0d4282870af9c0b3cb6, type: 3}
      propertyPath: m_LocalEulerAnglesHint.x
      value: 0
      objectReference: {fileID: 0}
    - target: {fileID: 8365592657491865006, guid: c80074da6677b0d4282870af9c0b3cb6, type: 3}
      propertyPath: m_LocalEulerAnglesHint.y
      value: 0
      objectReference: {fileID: 0}
    - target: {fileID: 8365592657491865006, guid: c80074da6677b0d4282870af9c0b3cb6, type: 3}
      propertyPath: m_LocalEulerAnglesHint.z
      value: 0
      objectReference: {fileID: 0}
    m_RemovedComponents: []
  m_SourcePrefab: {fileID: 100100000, guid: c80074da6677b0d4282870af9c0b3cb6, type: 3}
--- !u!4 &3622516828760156311 stripped
Transform:
  m_CorrespondingSourceObject: {fileID: 8365592657491865006, guid: c80074da6677b0d4282870af9c0b3cb6, type: 3}
  m_PrefabInstance: {fileID: 5070294440597554489}
  m_PrefabAsset: {fileID: 0}
--- !u!1001 &5118572585349556264
PrefabInstance:
  m_ObjectHideFlags: 0
  serializedVersion: 2
  m_Modification:
    m_TransformParent: {fileID: 8291239628803508067}
    m_Modifications:
    - target: {fileID: 6264198498453176722, guid: 7e80e429d567d034fa79b08c54af65b3, type: 3}
      propertyPath: m_Name
      value: PointSpownDecor (14)
      objectReference: {fileID: 0}
    - target: {fileID: 8519726092206737125, guid: 7e80e429d567d034fa79b08c54af65b3, type: 3}
      propertyPath: m_RootOrder
      value: 9
      objectReference: {fileID: 0}
    - target: {fileID: 8519726092206737125, guid: 7e80e429d567d034fa79b08c54af65b3, type: 3}
      propertyPath: m_LocalPosition.x
      value: -9.059999
      objectReference: {fileID: 0}
    - target: {fileID: 8519726092206737125, guid: 7e80e429d567d034fa79b08c54af65b3, type: 3}
      propertyPath: m_LocalPosition.y
      value: 1.9
      objectReference: {fileID: 0}
    - target: {fileID: 8519726092206737125, guid: 7e80e429d567d034fa79b08c54af65b3, type: 3}
      propertyPath: m_LocalPosition.z
      value: 0
      objectReference: {fileID: 0}
    - target: {fileID: 8519726092206737125, guid: 7e80e429d567d034fa79b08c54af65b3, type: 3}
      propertyPath: m_LocalRotation.w
      value: 1
      objectReference: {fileID: 0}
    - target: {fileID: 8519726092206737125, guid: 7e80e429d567d034fa79b08c54af65b3, type: 3}
      propertyPath: m_LocalRotation.x
      value: -0
      objectReference: {fileID: 0}
    - target: {fileID: 8519726092206737125, guid: 7e80e429d567d034fa79b08c54af65b3, type: 3}
      propertyPath: m_LocalRotation.y
      value: -0
      objectReference: {fileID: 0}
    - target: {fileID: 8519726092206737125, guid: 7e80e429d567d034fa79b08c54af65b3, type: 3}
      propertyPath: m_LocalRotation.z
      value: -0
      objectReference: {fileID: 0}
    - target: {fileID: 8519726092206737125, guid: 7e80e429d567d034fa79b08c54af65b3, type: 3}
      propertyPath: m_LocalEulerAnglesHint.x
      value: 0
      objectReference: {fileID: 0}
    - target: {fileID: 8519726092206737125, guid: 7e80e429d567d034fa79b08c54af65b3, type: 3}
      propertyPath: m_LocalEulerAnglesHint.y
      value: 0
      objectReference: {fileID: 0}
    - target: {fileID: 8519726092206737125, guid: 7e80e429d567d034fa79b08c54af65b3, type: 3}
      propertyPath: m_LocalEulerAnglesHint.z
      value: 0
      objectReference: {fileID: 0}
    m_RemovedComponents: []
  m_SourcePrefab: {fileID: 100100000, guid: 7e80e429d567d034fa79b08c54af65b3, type: 3}
--- !u!4 &3545730490965962445 stripped
Transform:
  m_CorrespondingSourceObject: {fileID: 8519726092206737125, guid: 7e80e429d567d034fa79b08c54af65b3, type: 3}
  m_PrefabInstance: {fileID: 5118572585349556264}
  m_PrefabAsset: {fileID: 0}
--- !u!1001 &6152501344968486346
PrefabInstance:
  m_ObjectHideFlags: 0
  serializedVersion: 2
  m_Modification:
    m_TransformParent: {fileID: 6859008122277803686}
    m_Modifications:
    - target: {fileID: 4755040777646915434, guid: 2e5409a733384f24ab7cde3cb7d3e811, type: 3}
      propertyPath: m_Name
      value: PointSpownBonus (4)
      objectReference: {fileID: 0}
    - target: {fileID: 7002972631618975773, guid: 2e5409a733384f24ab7cde3cb7d3e811, type: 3}
      propertyPath: m_RootOrder
      value: 4
      objectReference: {fileID: 0}
    - target: {fileID: 7002972631618975773, guid: 2e5409a733384f24ab7cde3cb7d3e811, type: 3}
      propertyPath: m_LocalPosition.x
      value: -9.34
      objectReference: {fileID: 0}
    - target: {fileID: 7002972631618975773, guid: 2e5409a733384f24ab7cde3cb7d3e811, type: 3}
      propertyPath: m_LocalPosition.y
      value: 3
      objectReference: {fileID: 0}
    - target: {fileID: 7002972631618975773, guid: 2e5409a733384f24ab7cde3cb7d3e811, type: 3}
      propertyPath: m_LocalPosition.z
      value: 0
      objectReference: {fileID: 0}
    - target: {fileID: 7002972631618975773, guid: 2e5409a733384f24ab7cde3cb7d3e811, type: 3}
      propertyPath: m_LocalRotation.w
      value: 1
      objectReference: {fileID: 0}
    - target: {fileID: 7002972631618975773, guid: 2e5409a733384f24ab7cde3cb7d3e811, type: 3}
      propertyPath: m_LocalRotation.x
      value: -0
      objectReference: {fileID: 0}
    - target: {fileID: 7002972631618975773, guid: 2e5409a733384f24ab7cde3cb7d3e811, type: 3}
      propertyPath: m_LocalRotation.y
      value: -0
      objectReference: {fileID: 0}
    - target: {fileID: 7002972631618975773, guid: 2e5409a733384f24ab7cde3cb7d3e811, type: 3}
      propertyPath: m_LocalRotation.z
      value: -0
      objectReference: {fileID: 0}
    - target: {fileID: 7002972631618975773, guid: 2e5409a733384f24ab7cde3cb7d3e811, type: 3}
      propertyPath: m_LocalEulerAnglesHint.x
      value: 0
      objectReference: {fileID: 0}
    - target: {fileID: 7002972631618975773, guid: 2e5409a733384f24ab7cde3cb7d3e811, type: 3}
      propertyPath: m_LocalEulerAnglesHint.y
      value: 0
      objectReference: {fileID: 0}
    - target: {fileID: 7002972631618975773, guid: 2e5409a733384f24ab7cde3cb7d3e811, type: 3}
      propertyPath: m_LocalEulerAnglesHint.z
      value: 0
      objectReference: {fileID: 0}
    m_RemovedComponents: []
  m_SourcePrefab: {fileID: 100100000, guid: 2e5409a733384f24ab7cde3cb7d3e811, type: 3}
--- !u!4 &3768842054845322711 stripped
Transform:
  m_CorrespondingSourceObject: {fileID: 7002972631618975773, guid: 2e5409a733384f24ab7cde3cb7d3e811, type: 3}
  m_PrefabInstance: {fileID: 6152501344968486346}
  m_PrefabAsset: {fileID: 0}
--- !u!1001 &6461732438695233224
PrefabInstance:
  m_ObjectHideFlags: 0
  serializedVersion: 2
  m_Modification:
    m_TransformParent: {fileID: 6859008122277803686}
    m_Modifications:
    - target: {fileID: 4755040777646915434, guid: 2e5409a733384f24ab7cde3cb7d3e811, type: 3}
      propertyPath: m_Name
      value: PointSpownBonus (3)
      objectReference: {fileID: 0}
    - target: {fileID: 7002972631618975773, guid: 2e5409a733384f24ab7cde3cb7d3e811, type: 3}
      propertyPath: m_RootOrder
      value: 3
      objectReference: {fileID: 0}
    - target: {fileID: 7002972631618975773, guid: 2e5409a733384f24ab7cde3cb7d3e811, type: 3}
      propertyPath: m_LocalPosition.x
      value: -2.84
      objectReference: {fileID: 0}
    - target: {fileID: 7002972631618975773, guid: 2e5409a733384f24ab7cde3cb7d3e811, type: 3}
      propertyPath: m_LocalPosition.y
      value: 3
      objectReference: {fileID: 0}
    - target: {fileID: 7002972631618975773, guid: 2e5409a733384f24ab7cde3cb7d3e811, type: 3}
      propertyPath: m_LocalPosition.z
      value: 0
      objectReference: {fileID: 0}
    - target: {fileID: 7002972631618975773, guid: 2e5409a733384f24ab7cde3cb7d3e811, type: 3}
      propertyPath: m_LocalRotation.w
      value: 1
      objectReference: {fileID: 0}
    - target: {fileID: 7002972631618975773, guid: 2e5409a733384f24ab7cde3cb7d3e811, type: 3}
      propertyPath: m_LocalRotation.x
      value: -0
      objectReference: {fileID: 0}
    - target: {fileID: 7002972631618975773, guid: 2e5409a733384f24ab7cde3cb7d3e811, type: 3}
      propertyPath: m_LocalRotation.y
      value: -0
      objectReference: {fileID: 0}
    - target: {fileID: 7002972631618975773, guid: 2e5409a733384f24ab7cde3cb7d3e811, type: 3}
      propertyPath: m_LocalRotation.z
      value: -0
      objectReference: {fileID: 0}
    - target: {fileID: 7002972631618975773, guid: 2e5409a733384f24ab7cde3cb7d3e811, type: 3}
      propertyPath: m_LocalEulerAnglesHint.x
      value: 0
      objectReference: {fileID: 0}
    - target: {fileID: 7002972631618975773, guid: 2e5409a733384f24ab7cde3cb7d3e811, type: 3}
      propertyPath: m_LocalEulerAnglesHint.y
      value: 0
      objectReference: {fileID: 0}
    - target: {fileID: 7002972631618975773, guid: 2e5409a733384f24ab7cde3cb7d3e811, type: 3}
      propertyPath: m_LocalEulerAnglesHint.z
      value: 0
      objectReference: {fileID: 0}
    m_RemovedComponents: []
  m_SourcePrefab: {fileID: 100100000, guid: 2e5409a733384f24ab7cde3cb7d3e811, type: 3}
--- !u!4 &4072135783914553045 stripped
Transform:
  m_CorrespondingSourceObject: {fileID: 7002972631618975773, guid: 2e5409a733384f24ab7cde3cb7d3e811, type: 3}
  m_PrefabInstance: {fileID: 6461732438695233224}
  m_PrefabAsset: {fileID: 0}
--- !u!1001 &6788336918727680342
PrefabInstance:
  m_ObjectHideFlags: 0
  serializedVersion: 2
  m_Modification:
    m_TransformParent: {fileID: 4678936164668426455}
    m_Modifications:
    - target: {fileID: 6109780332630862553, guid: c80074da6677b0d4282870af9c0b3cb6, type: 3}
      propertyPath: m_Name
      value: PointSpownEnemy (1)
      objectReference: {fileID: 0}
    - target: {fileID: 8365592657491865006, guid: c80074da6677b0d4282870af9c0b3cb6, type: 3}
      propertyPath: m_RootOrder
      value: 1
      objectReference: {fileID: 0}
    - target: {fileID: 8365592657491865006, guid: c80074da6677b0d4282870af9c0b3cb6, type: 3}
      propertyPath: m_LocalPosition.x
      value: -7.17
      objectReference: {fileID: 0}
    - target: {fileID: 8365592657491865006, guid: c80074da6677b0d4282870af9c0b3cb6, type: 3}
      propertyPath: m_LocalPosition.y
      value: 1
      objectReference: {fileID: 0}
    - target: {fileID: 8365592657491865006, guid: c80074da6677b0d4282870af9c0b3cb6, type: 3}
      propertyPath: m_LocalPosition.z
      value: 0
      objectReference: {fileID: 0}
    - target: {fileID: 8365592657491865006, guid: c80074da6677b0d4282870af9c0b3cb6, type: 3}
      propertyPath: m_LocalRotation.w
      value: 1
      objectReference: {fileID: 0}
    - target: {fileID: 8365592657491865006, guid: c80074da6677b0d4282870af9c0b3cb6, type: 3}
      propertyPath: m_LocalRotation.x
      value: -0
      objectReference: {fileID: 0}
    - target: {fileID: 8365592657491865006, guid: c80074da6677b0d4282870af9c0b3cb6, type: 3}
      propertyPath: m_LocalRotation.y
      value: -0
      objectReference: {fileID: 0}
    - target: {fileID: 8365592657491865006, guid: c80074da6677b0d4282870af9c0b3cb6, type: 3}
      propertyPath: m_LocalRotation.z
      value: -0
      objectReference: {fileID: 0}
    - target: {fileID: 8365592657491865006, guid: c80074da6677b0d4282870af9c0b3cb6, type: 3}
      propertyPath: m_LocalEulerAnglesHint.x
      value: 0
      objectReference: {fileID: 0}
    - target: {fileID: 8365592657491865006, guid: c80074da6677b0d4282870af9c0b3cb6, type: 3}
      propertyPath: m_LocalEulerAnglesHint.y
      value: 0
      objectReference: {fileID: 0}
    - target: {fileID: 8365592657491865006, guid: c80074da6677b0d4282870af9c0b3cb6, type: 3}
      propertyPath: m_LocalEulerAnglesHint.z
      value: 0
      objectReference: {fileID: 0}
    m_RemovedComponents: []
  m_SourcePrefab: {fileID: 100100000, guid: c80074da6677b0d4282870af9c0b3cb6, type: 3}
--- !u!4 &3039237351915506936 stripped
Transform:
  m_CorrespondingSourceObject: {fileID: 8365592657491865006, guid: c80074da6677b0d4282870af9c0b3cb6, type: 3}
  m_PrefabInstance: {fileID: 6788336918727680342}
  m_PrefabAsset: {fileID: 0}
--- !u!1001 &6991478977278258750
PrefabInstance:
  m_ObjectHideFlags: 0
  serializedVersion: 2
  m_Modification:
    m_TransformParent: {fileID: 8291239628803508067}
    m_Modifications:
    - target: {fileID: 6264198498453176722, guid: 7e80e429d567d034fa79b08c54af65b3, type: 3}
      propertyPath: m_Name
      value: PointSpownDecor (3)
      objectReference: {fileID: 0}
    - target: {fileID: 8519726092206737125, guid: 7e80e429d567d034fa79b08c54af65b3, type: 3}
      propertyPath: m_RootOrder
      value: 1
      objectReference: {fileID: 0}
    - target: {fileID: 8519726092206737125, guid: 7e80e429d567d034fa79b08c54af65b3, type: 3}
      propertyPath: m_LocalPosition.x
      value: 5.76
      objectReference: {fileID: 0}
    - target: {fileID: 8519726092206737125, guid: 7e80e429d567d034fa79b08c54af65b3, type: 3}
      propertyPath: m_LocalPosition.y
      value: 1.9
      objectReference: {fileID: 0}
    - target: {fileID: 8519726092206737125, guid: 7e80e429d567d034fa79b08c54af65b3, type: 3}
      propertyPath: m_LocalPosition.z
      value: 0
      objectReference: {fileID: 0}
    - target: {fileID: 8519726092206737125, guid: 7e80e429d567d034fa79b08c54af65b3, type: 3}
      propertyPath: m_LocalRotation.w
      value: 1
      objectReference: {fileID: 0}
    - target: {fileID: 8519726092206737125, guid: 7e80e429d567d034fa79b08c54af65b3, type: 3}
      propertyPath: m_LocalRotation.x
      value: -0
      objectReference: {fileID: 0}
    - target: {fileID: 8519726092206737125, guid: 7e80e429d567d034fa79b08c54af65b3, type: 3}
      propertyPath: m_LocalRotation.y
      value: -0
      objectReference: {fileID: 0}
    - target: {fileID: 8519726092206737125, guid: 7e80e429d567d034fa79b08c54af65b3, type: 3}
      propertyPath: m_LocalRotation.z
      value: -0
      objectReference: {fileID: 0}
    - target: {fileID: 8519726092206737125, guid: 7e80e429d567d034fa79b08c54af65b3, type: 3}
      propertyPath: m_LocalEulerAnglesHint.x
      value: 0
      objectReference: {fileID: 0}
    - target: {fileID: 8519726092206737125, guid: 7e80e429d567d034fa79b08c54af65b3, type: 3}
      propertyPath: m_LocalEulerAnglesHint.y
      value: 0
      objectReference: {fileID: 0}
    - target: {fileID: 8519726092206737125, guid: 7e80e429d567d034fa79b08c54af65b3, type: 3}
      propertyPath: m_LocalEulerAnglesHint.z
      value: 0
      objectReference: {fileID: 0}
    m_RemovedComponents: []
  m_SourcePrefab: {fileID: 100100000, guid: 7e80e429d567d034fa79b08c54af65b3, type: 3}
--- !u!4 &1673822472238278875 stripped
Transform:
  m_CorrespondingSourceObject: {fileID: 8519726092206737125, guid: 7e80e429d567d034fa79b08c54af65b3, type: 3}
  m_PrefabInstance: {fileID: 6991478977278258750}
  m_PrefabAsset: {fileID: 0}
--- !u!1001 &8288066888583862220
PrefabInstance:
  m_ObjectHideFlags: 0
  serializedVersion: 2
  m_Modification:
    m_TransformParent: {fileID: 8291239628803508067}
    m_Modifications:
    - target: {fileID: 6264198498453176722, guid: 7e80e429d567d034fa79b08c54af65b3, type: 3}
      propertyPath: m_Name
      value: PointSpownDecor (16)
      objectReference: {fileID: 0}
    - target: {fileID: 8519726092206737125, guid: 7e80e429d567d034fa79b08c54af65b3, type: 3}
      propertyPath: m_RootOrder
      value: 10
      objectReference: {fileID: 0}
    - target: {fileID: 8519726092206737125, guid: 7e80e429d567d034fa79b08c54af65b3, type: 3}
      propertyPath: m_LocalPosition.x
      value: -6.2699995
      objectReference: {fileID: 0}
    - target: {fileID: 8519726092206737125, guid: 7e80e429d567d034fa79b08c54af65b3, type: 3}
      propertyPath: m_LocalPosition.y
      value: 1.9
      objectReference: {fileID: 0}
    - target: {fileID: 8519726092206737125, guid: 7e80e429d567d034fa79b08c54af65b3, type: 3}
      propertyPath: m_LocalPosition.z
      value: 0
      objectReference: {fileID: 0}
    - target: {fileID: 8519726092206737125, guid: 7e80e429d567d034fa79b08c54af65b3, type: 3}
      propertyPath: m_LocalRotation.w
      value: 1
      objectReference: {fileID: 0}
    - target: {fileID: 8519726092206737125, guid: 7e80e429d567d034fa79b08c54af65b3, type: 3}
      propertyPath: m_LocalRotation.x
      value: -0
      objectReference: {fileID: 0}
    - target: {fileID: 8519726092206737125, guid: 7e80e429d567d034fa79b08c54af65b3, type: 3}
      propertyPath: m_LocalRotation.y
      value: -0
      objectReference: {fileID: 0}
    - target: {fileID: 8519726092206737125, guid: 7e80e429d567d034fa79b08c54af65b3, type: 3}
      propertyPath: m_LocalRotation.z
      value: -0
      objectReference: {fileID: 0}
    - target: {fileID: 8519726092206737125, guid: 7e80e429d567d034fa79b08c54af65b3, type: 3}
      propertyPath: m_LocalEulerAnglesHint.x
      value: 0
      objectReference: {fileID: 0}
    - target: {fileID: 8519726092206737125, guid: 7e80e429d567d034fa79b08c54af65b3, type: 3}
      propertyPath: m_LocalEulerAnglesHint.y
      value: 0
      objectReference: {fileID: 0}
    - target: {fileID: 8519726092206737125, guid: 7e80e429d567d034fa79b08c54af65b3, type: 3}
      propertyPath: m_LocalEulerAnglesHint.z
      value: 0
      objectReference: {fileID: 0}
    m_RemovedComponents: []
  m_SourcePrefab: {fileID: 100100000, guid: 7e80e429d567d034fa79b08c54af65b3, type: 3}
--- !u!4 &376337891949531433 stripped
Transform:
  m_CorrespondingSourceObject: {fileID: 8519726092206737125, guid: 7e80e429d567d034fa79b08c54af65b3, type: 3}
  m_PrefabInstance: {fileID: 8288066888583862220}
  m_PrefabAsset: {fileID: 0}
--- !u!1001 &8397242722492606080
PrefabInstance:
  m_ObjectHideFlags: 0
  serializedVersion: 2
  m_Modification:
    m_TransformParent: {fileID: 8291239628803508067}
    m_Modifications:
    - target: {fileID: 6264198498453176722, guid: 7e80e429d567d034fa79b08c54af65b3, type: 3}
      propertyPath: m_Name
      value: PointSpownDecor (8)
      objectReference: {fileID: 0}
    - target: {fileID: 8519726092206737125, guid: 7e80e429d567d034fa79b08c54af65b3, type: 3}
      propertyPath: m_RootOrder
      value: 5
      objectReference: {fileID: 0}
    - target: {fileID: 8519726092206737125, guid: 7e80e429d567d034fa79b08c54af65b3, type: 3}
      propertyPath: m_LocalPosition.x
      value: 13.14
      objectReference: {fileID: 0}
    - target: {fileID: 8519726092206737125, guid: 7e80e429d567d034fa79b08c54af65b3, type: 3}
      propertyPath: m_LocalPosition.y
      value: 1.9
      objectReference: {fileID: 0}
    - target: {fileID: 8519726092206737125, guid: 7e80e429d567d034fa79b08c54af65b3, type: 3}
      propertyPath: m_LocalPosition.z
      value: 0
      objectReference: {fileID: 0}
    - target: {fileID: 8519726092206737125, guid: 7e80e429d567d034fa79b08c54af65b3, type: 3}
      propertyPath: m_LocalRotation.w
      value: 1
      objectReference: {fileID: 0}
    - target: {fileID: 8519726092206737125, guid: 7e80e429d567d034fa79b08c54af65b3, type: 3}
      propertyPath: m_LocalRotation.x
      value: -0
      objectReference: {fileID: 0}
    - target: {fileID: 8519726092206737125, guid: 7e80e429d567d034fa79b08c54af65b3, type: 3}
      propertyPath: m_LocalRotation.y
      value: -0
      objectReference: {fileID: 0}
    - target: {fileID: 8519726092206737125, guid: 7e80e429d567d034fa79b08c54af65b3, type: 3}
      propertyPath: m_LocalRotation.z
      value: -0
      objectReference: {fileID: 0}
    - target: {fileID: 8519726092206737125, guid: 7e80e429d567d034fa79b08c54af65b3, type: 3}
      propertyPath: m_LocalEulerAnglesHint.x
      value: 0
      objectReference: {fileID: 0}
    - target: {fileID: 8519726092206737125, guid: 7e80e429d567d034fa79b08c54af65b3, type: 3}
      propertyPath: m_LocalEulerAnglesHint.y
      value: 0
      objectReference: {fileID: 0}
    - target: {fileID: 8519726092206737125, guid: 7e80e429d567d034fa79b08c54af65b3, type: 3}
      propertyPath: m_LocalEulerAnglesHint.z
      value: 0
      objectReference: {fileID: 0}
    m_RemovedComponents: []
  m_SourcePrefab: {fileID: 100100000, guid: 7e80e429d567d034fa79b08c54af65b3, type: 3}
--- !u!4 &195020919448264805 stripped
Transform:
  m_CorrespondingSourceObject: {fileID: 8519726092206737125, guid: 7e80e429d567d034fa79b08c54af65b3, type: 3}
  m_PrefabInstance: {fileID: 8397242722492606080}
  m_PrefabAsset: {fileID: 0}
